@article{khosla2021supervised,
  title={Supervised Contrastive Learning},
  author={Prannay Khosla, Piotr Teterwak, Chen Wang, Aaron Sarna, Yonglong Tian, Phillip Isola, Aaron Maschinot, Ce Liu, Dilip Krishnan},
  journal={arXiv:2004.11362},
  year={2021}
}

@article{chuang2021debiased,
  title={Debiased Contrastive Learning},
  author={Ching-Yao Chuang, Joshua Robinson, Lin Yen-Chen, Antonio Torralba, Stefanie Jegelka
},
  journal={arXiv:2007.00224},
  year={2020}
}

@inproceedings{NIPS2016_6b180037,
 author = {Sohn, Kihyuk},
 booktitle = {Advances in Neural Information Processing Systems},
 editor = {D. Lee and M. Sugiyama and U. Luxburg and I. Guyon and R. Garnett},
 pages = {},
 publisher = {Curran Associates, Inc.},
 title = {Improved Deep Metric Learning with Multi-class N-pair Loss Objective},
 url = {https://proceedings.neurips.cc/paper/2016/file/6b180037abbebea991d8b1232f8a8ca9-Paper.pdf},
 volume = {29},
 year = {2016}
}

@article{Chen2020SimCLR,
  title={A Simple Framework for Contrastive Learning of Visual Representations},
  author={Ting Chen, Simon Kornblith, Mohammad Norouzi, Geoffrey Hinton},
  journal={arXiv:2002.05709},
  year={2020}
}

@InProceedings{pmlr-v15-coates11a,
  title = 	 {An Analysis of Single-Layer Networks in Unsupervised Feature Learning},
  author = 	 {Coates, Adam and Ng, Andrew and Lee, Honglak},
  booktitle = 	 {Proceedings of the Fourteenth International Conference on Artificial Intelligence and Statistics},
  pages = 	 {215--223},
  year = 	 {2011},
  editor = 	 {Gordon, Geoffrey and Dunson, David and Dud√≠k, Miroslav},
  volume = 	 {15},
  series = 	 {Proceedings of Machine Learning Research},
  address = 	 {Fort Lauderdale, FL, USA},
  month = 	 {11--13 Apr},
  publisher =    {PMLR}
}

@INPROCEEDINGS{7780459,
  author={He, Kaiming and Zhang, Xiangyu and Ren, Shaoqing and Sun, Jian},
  booktitle={2016 IEEE Conference on Computer Vision and Pattern Recognition (CVPR)}, 
  title={Deep Residual Learning for Image Recognition}, 
  year={2016},
  volume={},
  number={},
  pages={770-778},
  doi={10.1109/CVPR.2016.90}}

@article{Diederik2014Adam,
  title={Adam: A Method for Stochastic Optimization},
  author={Diederik P. Kingma, Jimmy Ba},
  journal={arXiv:1412.6980},
  year={2014}
}